
@misc{Puck:MAX,
    author={Puckette, M.},
    year={1989},
    title={{Max/MSP, currently distributed by Cycling '74}},
    howpublished={\url{http://www.cycling74.com/max}}
}

@misc{Puck:PureData,
    author={Puckette, M.},
    year={1997},
    title={{Pure Data}},
    howpublished={\url{http://www.puredata.info}}
}

@misc{DearImGUI,
    author={Cornut, O.},
    year={2014},
    title={{Dear ImGUI}},
    howpublished={\url{http://www.github.com/ocornut/imgui}}
}

@misc{AdventOfCode,
    author={Wastl, E.},
    year={2015},
    title={Advent of Code},
    howpublished={\url{http://www.adventofcode.com}}
}

@misc{ImguiBundle,
    author={Thomet, P.},
    year={2022},
    title={{ImGUI Bundle}},
    howpublished={\url{http://www.github.com/pthom/imgui_bundle}}
}

@article{Gribble:2013,
    author={Gribble, B.},
    title={Music for Programmers (MFP): A Dataflow Patching Language},
    journal={Proceedings of Linux Audio Conference 2013},
    year={2013},
}

@misc{Gribble:Advent,
    author={Gribble, B.},
    year={2023},
    title={{Advent of Code solutions}},
    howpublished={\url{http://github.com/bgribble/advent_of_code}}
}
@misc{Gribble:Carp,
    author={Gribble, B.},
    year={2022},
    title={{Carp}},
    howpublished={\url{http://github.com/bgribble/carp}}
}

@misc{Gribble:Flopsy,
    author={Gribble, B.},
    year={2023},
    title={{Flopsy}},
    howpublished={\url{http://github.com/bgribble/flopsy}}
}
